<?xml version="1.0" encoding="UTF-8"?><collection xmlns="http://www.loc.gov/MARC21/slim"><record><leader>00361nam--2200133-i-4500</leader><controlfield tag="001">000027215</controlfield><controlfield tag="002">20161230</controlfield><controlfield tag="005">20161230201036</controlfield><controlfield tag="008">060222s1000------------r-----000-0-eng-d</controlfield><datafield ind1=" " ind2=" " tag="080"><subfield code="a">621.753.1</subfield></datafield><datafield ind1=" " ind2=" " tag="100"><subfield code="a">Kovan, V.M</subfield></datafield><datafield ind1=" " ind2=" " tag="245"><subfield code="a">Calculul adaosurilor de prelucrare in constructia de masini</subfield></datafield><datafield ind1=" " ind2=" " tag="260"><subfield code="a">Bucuresti, Inst.De Docum.Tehnica, 1955, 243p</subfield></datafield><datafield ind1=" " ind2=" " tag="852"><subfield code="a">26199</subfield></datafield></record></collection>